<?xml version="1.0" encoding="UTF-8"?>
<record xmlns="http://www.loc.gov/MARC21/slim">
   <leader>01369cam a2200385 a 4500</leader>
   <controlfield tag="001">4923164</controlfield>
   <controlfield tag="003">LTSCA</controlfield>
   <controlfield tag="005">20110404091801.0</controlfield>
   <controlfield tag="008">110404s2010    abcac         000 0 fre d</controlfield>
   <datafield tag="020" ind1=" " ind2=" ">
      <subfield code="a">9780778558491</subfield>
   </datafield>
   <datafield tag="020" ind1=" " ind2=" ">
      <subfield code="a">0778558495</subfield>
   </datafield>
   <datafield tag="035" ind1=" " ind2=" ">
      <subfield code="a">ocn662578757</subfield>
   </datafield>
   <datafield tag="040" ind1=" " ind2=" ">
      <subfield code="a">AEUSJ</subfield>
      <subfield code="b">fre</subfield>
      <subfield code="c">AEUSJ</subfield>
   </datafield>
   <datafield tag="049" ind1=" " ind2=" ">
      <subfield code="a">UABA</subfield>
   </datafield>
   <datafield tag="050" ind1=" " ind2="4">
      <subfield code="a">CD977</subfield>
      <subfield code="b">.H57 2010</subfield>
   </datafield>
   <datafield tag="090" ind1=" " ind2=" ">
      <subfield code="a">CD 977 H57 2010</subfield>
      <subfield code="b">AFMK</subfield>
   </datafield>
   <datafield tag="090" ind1=" " ind2=" ">
      <subfield code="a">CD 977 H57 2010</subfield>
      <subfield code="b">AEUSJ</subfield>
   </datafield>
   <datafield tag="090" ind1=" " ind2=" ">
      <subfield code="a">CD 977 H57 2010</subfield>
      <subfield code="b">AEU</subfield>
   </datafield>
   <datafield tag="240" ind1="0" ind2="0">
      <subfield code="a">Histoires de famille :</subfield>
      <subfield code="b">comment préserver les documents personnels et familiaux /</subfield>
      <subfield code="c">Archives provinciales de l'Alberta.</subfield>
   </datafield>
   <datafield tag="245" ind1="0" ind2="0">
      <subfield code="a">Histoires de famille :</subfield>
      <subfield code="b">comment préserver les documents personnels et familiaux /</subfield>
      <subfield code="c">Archives provinciales de l'Alberta.</subfield>
   </datafield>
   <datafield tag="246" ind1="3" ind2="0">
      <subfield code="a">Comment préserver les documents personnels et familiaux</subfield>
   </datafield>
   <datafield tag="260" ind1=" " ind2=" ">
      <subfield code="a">[Edmonton] :</subfield>
      <subfield code="b">Archives provinciales de l'Alberta,</subfield>
      <subfield code="c">[2010]</subfield>
   </datafield>
   <datafield tag="300" ind1=" " ind2=" ">
      <subfield code="a">53 p. :</subfield>
      <subfield code="b">ill., portr. ;</subfield>
      <subfield code="c">19 cm.</subfield>
   </datafield>
   <datafield tag="336" ind1=" " ind2=" ">
      <subfield code="a">text</subfield>
      <subfield code="b">txt</subfield>
      <subfield code="2">rdacontent</subfield>
   </datafield>
   <datafield tag="337" ind1=" " ind2=" ">
      <subfield code="a">unmediated</subfield>
      <subfield code="b">n</subfield>
      <subfield code="2">rdamedia</subfield>
   </datafield>
   <datafield tag="338" ind1=" " ind2=" ">
      <subfield code="a">volume</subfield>
      <subfield code="b">nc</subfield>
      <subfield code="2">rdacarrier</subfield>
   </datafield>
   <datafield tag="596" ind1=" " ind2=" ">
      <subfield code="a">8 38 39</subfield>
   </datafield>
   <datafield tag="650" ind1=" " ind2="6">
      <subfield code="a">Archives personnelles</subfield>
      <subfield code="x">Gestion.</subfield>
   </datafield>
   <datafield tag="650" ind1=" " ind2="6">
      <subfield code="a">Archives familiales</subfield>
      <subfield code="x">Gestion.</subfield>
   </datafield>
   <datafield tag="710" ind1="2" ind2=" ">
      <subfield code="a">Provincial Archives of Alberta.</subfield>
   </datafield>
   <datafield tag="949" ind1=" " ind2=" ">
      <subfield code="a">CD 977 H57 2010</subfield>
      <subfield code="c">1</subfield>
      <subfield code="h">UABS-B</subfield>
      <subfield code="i">0162029281324</subfield>
   </datafield>
   <datafield tag="994" ind1=" " ind2=" ">
      <subfield code="a">C0</subfield>
      <subfield code="b">UAB</subfield>
   </datafield>
   <datafield tag="926" ind1=" " ind2=" ">
      <subfield code="a">KEYANO</subfield>
      <subfield code="b">ARCHIVES</subfield>
      <subfield code="c">CD 977 H57 2010</subfield>
      <subfield code="d">BOOK</subfield>
      <subfield code="f">1</subfield>
   </datafield>
   <datafield tag="926" ind1=" " ind2=" ">
      <subfield code="a">UABARD</subfield>
      <subfield code="b">ON_SHELF</subfield>
      <subfield code="c">CD 977 H57 2010</subfield>
      <subfield code="d">BOOK</subfield>
      <subfield code="f">1</subfield>
   </datafield>
   <datafield tag="926" ind1=" " ind2=" ">
      <subfield code="a">UABSJ</subfield>
      <subfield code="b">ON_SHELF</subfield>
      <subfield code="c">CD 977 H57 2010</subfield>
      <subfield code="d">BOOK</subfield>
      <subfield code="f">1</subfield>
   </datafield>
   <datafield tag="926" ind1=" " ind2=" ">
      <subfield code="a">UABSJ</subfield>
      <subfield code="b">SPECIALCOL</subfield>
      <subfield code="c">CD 977 H57 2010</subfield>
      <subfield code="d">NO_LOAN</subfield>
      <subfield code="f">2</subfield>
   </datafield>
</record>
